%Keo bogen
@book{keo,
	author={Lars Kjørboe and Karsten Clement and Philip Fosbøl and Anker Degn Jensen and Søren Kiil and Kaj Thomsen},
	year={2019},
	month={July,},
	title={Kemiske Enhedsoperationer},
	publisher={Polyteknisk Forlag},
	edition={6.},
	isbn={9788750200024}
}



@book{nanofiltration_2021_bog_fraMorten,
  title = {Nanofiltration: Principles, Applications, and New Materials},
  shorttitle = {Nanofiltration},
  editor = {Sch{\"a}fer, Andrea and Fane, Anthony G.},
  year = {2021},
  edition = {2nd},
  publisher = {{Wiley}},
  address = {{Germany}},
  isbn = {978-3-527-34690-5}
}


%% CT 
@book{PlantEngineerBookReference2001,
  title = {Plant {{Engineer}}'s {{Reference Book}}},
  author = {Snow, Dennis and Snow, Dennis A},
  year = {2001},
  publisher = {{Elsevier Science \& Technology}},
  address = {{Oxford, United Kingdom}},
  isbn = {978-0-08-049772-3},
  keywords = {etc.,manuals,Plant engineering--Handbooks},
  file = {C\:\\Users\\992765\\Zotero\\storage\\KTEHLQM3\\Snow and Snow - 2001 - Plant Engineer's Reference Book.pdf}
}



@article{ReviewStudyCoolingtower_2019,
  title = {A {{Review Study On Cooling Towers}}; {{Types}}, {{Performance}} and {{Application}}},
  author = {Afshari, Faraz and Dehghanpour, Heydar},
  year = {2019},
  journal = {ALKÜ Fen Bilimleri Dergisi},
  pages = {1--10},
  url = {https://dergipark.org.tr/en/pub/alku/489143},
  urldate = {2021-09-20},
  langid = {english},
  file = {C\:\\Users\\102222\\Zotero\\storage\\NXMQRZUG\\Afshari̇ and Dehghanpour - 2019 - A Review Study On Cooling Towers\; Types, Performan.pdf}
}


@article{kaliappan_RecoveryReuseWater_2005,
  title = {Recovery and Reuse of Water from Effluents of Cooling Tower},
  author = {Kaliappan, S. and Sathish, C. and Nirmalkumar, T.},
  year = {2005},
  journal = {Journal of the Indian Institute of Science},
  volume = {85},
  number = {4},
  pages = {215},
  issn = {0970-4140},
  copyright = {Copyright (c)},
  language = {en-US},
  keywords = {permeate flux,recovery,Reverse osmosis,salt rejection}
}





@article{farahanniRecoveryCoolingTower_2016,
  title = {Recovery of Cooling Tower Blowdown Water for Reuse: {{The}} Investigation of Different Types of Pretreatment Prior Nanofiltration and Reverse Osmosis},
  shorttitle = {Recovery of Cooling Tower Blowdown Water for Reuse},
  author = {Farahanni, Mohammad Hossein Davood Abadi and {Borghei, Seyed Mehdi} and {Vatanpour, Vahid}},
  year = {2016},
  month = mar,
  journal = {Journal of Water Process Engineering},
  doi = {10.1016/j.jwpe.2016.01.011},
  language = {en}
}
%Datasheet

@manual{Datasheet_dNF40_labscale_2019,
  organization = {NX Filtration},
  key = {NX Filtration},
  title = {Technical {{Datasheet MexFil TP025 dNF40}}},
  year = {2019},
}

@manual{NXfiltration_operation_manual,
  organization = {NX Filtration},
  key = {NX Filtration},
  title = {Operational Manual {{WMC 110 dNF Manual}}},
  year = {2020},
}

%CT water guidelines fra manugacteres. 
@manual{Evapco_guidelienes,
  organization = {Evapco},
  key = {Evapco},
  title = {Operation and Maintenance Instructions {{For EVAPO Closed Circuits Coolers and Evaporative condensers }}},
  year = {2020},
}

@manual{BAC_guidelines,
  organization = {Baltimore AirCoil Company},
  key = {Baltimore AirCoil Company},
  title = {Parts \& Maintenance Guide{{}}} ,
  year = {2021},
}





@techreport{Sebastians_master_2020,
  type = {Master {{Thesis}}},
  title = {Nanofiltration Treatment of Cooling Tower Water for Reduction Fo Water Usage},
  author = {{Gustafson, Sebastian}},
  institution = {AAU},
  year = {2020},
  file = {C\:\\Users\\102222\\Zotero\\storage\\CUS89RIX\\sebastian_gustavson_speciale.pdf}
}










@book{WaterChemistry1980,
  title = {Water {{Chemistry}}},
  author = {{Snoeyink, Vernon L.} and {Jenkins, David}},
  year = {1980},
  publisher = {{John Wiley \& Sons, Inc}},
  isbn = {0-471-05196-9},
  file = {C\:\\Users\\102222\\Zotero\\storage\\HDI6T6LC\\_.pdf}
}

@book{IntroductionCoolingTower2014,
  title = {An {{Introduction}} to {{Cooling Tower Water Treatment}}},
  author = {{Guyer, Paul J.} and {P.E} and {R.A}},
  year = {2014},
  publisher = {Guyer Partners},
}





@article{altmanMembraneTreatmentSidestream2012,
  title = {Membrane Treatment of Side-Stream Cooling Tower Water for Reduction of Water Usage},
  author = {Altman, Susan J. and Jensen, Richard P. and Cappelle, Malynda A. and Sanchez, Andres L. and Everett, Randy L. and Anderson, Howard L. and McGrath, Lucas K.},
  year = {2012},
  month = jan,
  journal = {Desalination},
  volume = {285},
  pages = {177--183},
  issn = {00119164},
  doi = {10.1016/j.desal.2011.09.052},
  langid = {english}
}

@article{coteComparisonMembraneOptions2004,
  title = {Comparison of Membrane Options for Water Reuse and Reclamation},
  author = {C{\^o}t{\'e}, Pierre and Masini, Michel and Mourato, Diana},
  year = {2004},
  month = aug,
  journal = {Desalination},
  volume = {167},
  pages = {1--11},
  issn = {00119164},
  doi = {10.1016/j.desal.2004.06.105},
  langid = {english}
}

@article{frickEvaluationPretreatmentsBlowdown2014,
  title = {Evaluation of Pretreatments for a Blowdown Stream to Feed a Filtration System with Discarded Reverse Osmosis Membranes},
  author = {Frick, Julia M. and F{\'e}ris, Liliana A. and Tessaro, Isabel C.},
  year = {2014},
  month = May,
  journal = {Desalination},
  volume = {341},
  pages = {126--134},
  issn = {00119164},
  doi = {10.1016/j.desal.2014.02.033},
  langid = {english}
}

@article{koemanMembraneDistillationIndustrial2016,
  title = {Membrane Distillation of Industrial Cooling Tower Blowdown Water},
  author = {{Koeman-Stein}, N.E. and Creusen, R.J.M. and Zijlstra, M. and Groot, C.K. and {van den Broek}, W.B.P.},
  year = {2016},
  month = jun,
  journal = {Water Resources and Industry},
  volume = {14},
  pages = {11--17},
  issn = {22123717},
  doi = {10.1016/j.wri.2016.03.002},
  langid = {english}
}

@article{zhangPilotTestingOutsidein2007,
  title = {Pilot Testing of Outside-in {{MF}} and {{UF}} Modules Used for Cooling Tower Blowdown Pretreatment of Power Plants},
  author = {Zhang, Jingdong and Chen, Lia and Zeng, Huiming and Yan, Xiaoxuan and Song, Xiaoning and Yang, Hong and Ye, Chunsong},
  year = {2007},
  month = aug,
  journal = {Desalination},
  volume = {214},
  number = {1-3},
  pages = {287--298},
  issn = {00119164},
  doi = {10.1016/j.desal.2006.12.004},
  langid = {english}
}

@book{DesignOfExperiments_book_bruno,
  title = {Design and {{Analysis}} of {{Experiments}}},
  author = {Montgomery, Douglas C.},
  year = {2017},
  edition = {9},
  publisher = {{John Wiley \& Sons, Inc}},
  location = {{Arizona, USA}},
  isbn = {9781119113478 (PBK)},
  file = {C\:\\Users\\102222\\Zotero\\storage\\GQCJ42VH\\_.pdf}
}



%WHO's guidelines 
@misc{WHO2017,
author={WHO},
number = {Mar 10,},
title = {{Guidelines for drinking-water quality, 4th edition, incorporating the 1st addendum}},
url = {http://www.who.int/water{\_}sanitation{\_}health/publications/drinking-water-quality-guidelines-4-including-1st-addendum/en/},
volume = {2020},
year = {2017}
}


@incollection{Ma12,
author = {Fong-Yuan Ma},
title = {Corrosive Effects of Chlorides on Metals},
booktitle = {Pitting Corrosion},
publisher = {IntechOpen},
address = {Rijeka},
year = {2012},
editor = {Nasr Bensalah},
chapter = {7},
doi = {10.5772/32333},
url = {https://doi.org/10.5772/32333}
}


@book{PracticalApproachWater2007,
  title = {A {{Practical Approach}} to {{Water Conservation}} for {{Commercial}} and {{Industrial Facilities}}},
  author = {Seneviratne, Mohan},
  year = {2007},
  publisher = {{Elsevier Science \& Technology}},
  location = {{Oxford, UNITED KINGDOM}},
  url = {http://ebookcentral.proquest.com/lib/aalborguniv-ebooks/detail.action?docID=300980},
  urldate = {2022-01-07},
  keywords = {Industrial water supply.,Water conservation.},
}




@article{zhangPilotTestingOutsidein2007,
  title = {Pilot Testing of Outside-in {{MF}} and {{UF}} Modules Used for Cooling Tower Blowdown Pretreatment of Power Plants},
  author = {Zhang, Jingdong and Chen, Lia and Zeng, Huiming and Yan, Xiaoxuan and Song, Xiaoning and Yang, Hong and Ye, Chunsong},
  year = {2007},
  month = aug,
  journal = {Desalination},
  volume = {214},
  number = {1-3},
  pages = {287--298},
  issn = {00119164},
  doi = {10.1016/j.desal.2006.12.004},
  langid = {english},
  keywords = {casestudy,Cooling tower blowdown,CT,MF,Outside-in,pretreatment,SDI,UF}
}

@article{zhangPilotTestUF2008,
  title = {Pilot Test of {{UF}} Pretreatment Prior to {{RO}} for Cooling Tower Blowdown Reuse of Power Plant},
  author = {Zhang, Jingdong and Zeng, Huiming and Ye, Chunsong and Chen, Liang and Yan, Xiaoxuan},
  year = {2008},
  month = mar,
  journal = {Desalination},
  series = {European {{Desalination Society}} and {{Center}} for {{Research}} and {{Technology Hellas}} ({{CERTH}}), {{Sani Resort}} 22 \textendash 25 {{April}} 2007, {{Halkidiki}}, {{Greece}}},
  volume = {222},
  number = {1},
  pages = {9--16},
  issn = {0011-9164},
  doi = {10.1016/j.desal.2007.01.123},
  langid = {english},
  keywords = {casestudy,Cooling tower blowdown,Permeate quality,Recovery,UF membrane}
}


@article{liaoTreatmentCoolingTower2009,
  title = {Treatment of Cooling Tower Blowdown Water Containing Silica, Calcium and Magnesium by Electrocoagulation},
  author = {Liao, Z. and Gu, Z. and Schulz, M. C. and Davis, J. R. and Baygents, J. C. and Farrell, J.},
  year = {2009},
  month = {nov},
  journal = {Water Science and Technology},
  volume = {60},
  number = {9},
  pages = {2345--2352},
  issn = {0273-1223},
  doi = {10.2166/wst.2009.675},
  url = {https://doi.org/10.2166/wst.2009.675},
  urldate = {2022-01-06},
  keywords = {casestudy}
}

@article{wangPoreModelNanofiltration2021,
  title = {Pore Model for Nanofiltration: {{History}}, Theoretical Framework, Key Predictions, Limitations, and Prospects},
  shorttitle = {Pore Model for Nanofiltration},
  author = {Wang, Ruoyu and Lin, Shihong},
  year = {2021},
  month = feb,
  journal = {Journal of Membrane Science},
  volume = {620},
  issn = {0376-7388},
  doi = {10.1016/j.memsci.2020.118809}
}

@article{NanoFiltran_computer_2008,
title = {Computer program for simulation of mass transport in nanofiltration membranes},
journal = {Journal of Membrane Science},
volume = {321},
number = {2},
pages = {172-182},
year = {2008},
issn = {0376-7388},
doi = {https://doi.org/10.1016/j.memsci.2008.04.054},
url = {https://www.sciencedirect.com/science/article/pii/S037673880800392X},
author = {Vítor Geraldes and Ana Maria {Brites Alves}},
keywords = {Nanofiltration, Computer modeling, Concentration polarization, Hindered transport, Dielectric exclusion}
}

@article{MIT_2018_DSPM_DE_Fabrication,
author = {Labban, Omar and Liu, Chang and Chong, Tzyy Haur and Lienhard, John H},
address = {AMSTERDAM},
copyright = {2018 Elsevier B.V.},
issn = {0376-7388},
journal = {Journal of membrane science},
language = {eng},
pages = {26-38},
publisher = {Elsevier B.V},
title = {Relating transport modeling to nanofiltration membrane fabrication: Navigating the permeability-selectivity trade-off in desalination pretreatment},
volume = {554},
year = {2018},
}


@book{mulderBasicPrinciplesMembrane1996,
  title = {Basic Principles of Membrane Technology},
  author = {Mulder, Marcel H.},
  year = {1996},
  edition = {2nd},
  publisher = {{Kluwer Academic}},
  address = {{Dordrecht}},
  isbn = {978-94-009-1766-8},
  langid = {english},
  file = {C\:\\Users\\992765\\Zotero\\storage\\7IPTCW6I\\Mulder and Mulder - 1996 - Basic principles of membrane technology.pdf}
}



@article{deonConcentrationPolarizationPhenomenon2013,
  title = {Concentration Polarization Phenomenon during the Nanofiltration of Multi-Ionic Solutions: {{Influence}} of the Filtrated Solution and Operating Conditions},
  shorttitle = {Concentration Polarization Phenomenon during the Nanofiltration of Multi-Ionic Solutions},
  author = {Déon, Sébastien and Dutournié, Patrick and Fievet, Patrick and Limousy, Lionel and Bourseau, Patrick},
  year = {2013},
  month = {may},
  journal = {Water Research},
  shortjournal = {Water Research},
  volume = {47},
  number = {7},
  pages = {2260--2272},
  issn = {0043-1354},
  doi = {10.1016/j.watres.2013.01.044},
  url = {https://www.sciencedirect.com/science/article/pii/S0043135413000742}
}


@book{seaderSeparationProcessPrinciples2006,
  title = {Separation Process Principles},
  author = {Seader, J. D. and Henley, Ernest J.},
  year = {2006},
  edition = {2nd},
  publisher = {{Wiley}},
  address = {{Hoboken, N.J}},
  isbn = {978-0-471-46480-8},
  lccn = {TP156.S45 S364 2006},
  keywords = {Separation (Technology),Textbooks}
}


@article{vanderbruggenDrawbacksApplyingNanofiltration2008,
  title = {Drawbacks of Applying Nanofiltration and How to Avoid Them: {{A}} Review},
  shorttitle = {Drawbacks of Applying Nanofiltration and How to Avoid Them},
  author = {{Van der Bruggen}, B. and M{\"a}ntt{\"a}ri, M. and Nystr{\"o}m, M.},
  year = {2008},
  month = oct,
  journal = {Separation and Purification Technology},
  volume = {63},
  number = {2},
  pages = {251-263},
  issn = {1383-5866}
}



%Silica: 
@article{ChemistrySilicaScale2014,
  title = {Chemistry of Silica Scale Mitigation for {{RO}} Desalination with Particular Reference to Remote Operations},
  author = {Milne, Nicholas A. and O'Reilly, Tom and Sanciolo, Peter and Ostarcevic, Eddy and Beighton, Mark and Taylor, Kelvin and Mullett, Mark and Tarquin, Anthony J. and Gray, Stephen R.},
  date = {2014-11},
  journaltitle = {Water Research},
  shortjournal = {Water Research},
  volume = {65},
  pages = {107--133},
  issn = {00431354},
  doi = {10.1016/j.watres.2014.07.010},
  url = {https://linkinghub.elsevier.com/retrieve/pii/S0043135414005065},
  urldate = {2022-02-24},
  langid = {english}
}


@article{wangSeparationPerformanceNanofiltration2005,
  title = {Separation Performance of a Nanofiltration Membrane Influenced by Species and Concentration of Ions},
  author = {Wang, Da-Xin and Su, Meng and Yu, Zhao-Yang and Wang, Xiao-Lin and Ando, Masaaki and Shintani, Takuji},
  year = {2005},
  month = may,
  journal = {Desalination},
  volume = {175},
  number = {2},
  pages = {219--225},
  issn = {0011-9164},
  doi = {10.1016/j.desal.2004.10.009}
}


@article{epszteinElucidatingMechanismsUnderlying2018,
  title = {Elucidating the Mechanisms Underlying the Difference between Chloride and Nitrate Rejection in Nanofiltration},
  author = {Epsztein, Razi and Cheng, Wei and Shaulsky, Evyatar and Dizge, Nadir and Elimelech, Menachem},
  year = {2018},
  month = feb,
  journal = {Journal of Membrane Science},
  volume = {548},
  pages = {694--701},
  issn = {0376-7388},
  doi = {10.1016/j.memsci.2017.10.049}
  }



@article{bowenCharacterisationNanofiltrationMembranes1997,
  title = {Characterisation of Nanofiltration Membranes for Predictive Purposes \textemdash{} Use of Salts, Uncharged Solutes and Atomic Force Microscopy},
  author = {Bowen, W. Richard and Mohammad, A. Wahab and Hilal, Nidal},
  year = {1997},
  month = apr,
  journal = {Journal of Membrane Science},
  volume = {126},
  number = {1},
  pages = {91--105},
  issn = {0376-7388},
  doi = {10.1016/S0376-7388(96)00276-1},
  langid = {english},
}



@article{schaepInfluenceIonSize1998,
  title = {Influence of Ion Size and Charge in Nanofiltration},
  author = {Schaep, Johan and {Van der Bruggen}, Bart and Vandecasteele, Carlo and Wilms, Dirk},
  year = {1998},
  month = aug,
  journal = {Separation and Purification Technology},
  volume = {14},
  number = {1},
  pages = {155--162},
  issn = {1383-5866},
  doi = {10.1016/S1383-5866(98)00070-7},
  langid = {english},
}

%stokes radius etc. 


@article{hussainEffectIonSizes_NF_2006a,
  title = {Effect of {{Ion Sizes}} on {{Separation Characteristics}} of {{Nanofiltration Membrane Systems}}},
  author = {Hussain, A.A. and Abashar, M.E.E. and Al-Mutaz, I.S.},
  date = {2006},
  journaltitle = {Journal of King Saud University - Engineering Sciences},
  shortjournal = {Journal of King Saud University - Engineering Sciences},
  volume = {19},
  number = {1},
  pages = {1--18},
  issn = {10183639},
  doi = {10.1016/S1018-3639(18)30844-4},
  url = {https://linkinghub.elsevier.com/retrieve/pii/S1018363918308444},
  urldate = {2022-03-07},
  langid = {english}
}

@article{NFTheoryAnalytic_single_salt_2004,
  title = {Nanofiltration {{Theory}}: {{An Analytic Approach}} for {{Single Salts}}},
  shorttitle = {Nanofiltration {{Theory}}},
  author = {Lefebvre, Xavier and Palmeri, John and David, Patrice},
  date = {2004-10-01},
  journaltitle = {The Journal of Physical Chemistry B},
  shortjournal = {J. Phys. Chem. B},
  volume = {108},
  number = {43},
  pages = {16811--16824},
  issn = {1520-6106, 1520-5207},
  doi = {10.1021/jp048631t},
  url = {https://pubs.acs.org/doi/10.1021/jp048631t},
  urldate = {2022-03-07},
  langid = {english}
}






